@MISC{cpu,
	HOWPUBLISHED = "\url{http://www.cpu-world.com/CPUs/Xeon/Intel-Xeon\%20E5-2650\%20v2.html}",
	TITLE = "Intel Xeon E5-2650 v2 - CM8063501375101 / BX80635E52650V2",
	NOTE = "Access in 02/05/2019"
}

@MISC{search,
	HOWPUBLISHED = "\url{http://search6.di.uminho.pt/wordpress/?page_id=55}",
	TITLE = "cluster nodes",
	NOTE = "Access in 02/05/2019"
}